@preamble{ "\newcommand{\noopsort}[1]{} " }

@incollection{btt:1998,
AUTHOR = {T. Blickle and J. Teich and L. Thiele},
TITLE = {{System}-{Level} {Synthesis} {Using} {Evolutionary} {Algorithms}},
BOOKTITLE = {Design Automation for Embedded Systems},
PUBLISHER = {Kluwer Academic Publishers},
ADDRESS = {Boston},
EDITOR = {Rajesh Gupta},
SERIES = 3,
PAGES = {23--62},
MONTH = jan,
YEAR = 1998 }

@conference{cf:decentralizedMapping,
AUTHOR = {Andreas Weichslgartner and Stefan Wildermann and Jürgen Teich},
TITLE = {Dynamic
decentralized mapping of tree-structured applications on noc architectures},
BOOKTITLE = {Proceedings of NOCS},
organization = {ACM},
ADDRESS = {New York, NY, USA},
PAGES = {201 -- 208},
YEAR = 2011 }

@incollection{thousandCoreChips,
AUTHOR = {Shekhar Borkar},
TITLE = {Thousand core chips: a technology perspective},
BOOKTITLE = {In Proceedings of DAC},
PUBLISHER = {ACM},
YEAR = 2007 }

@phdthesis{jaeger,
AUTHOR = {Daniel Jäger},
TITLE = {Selbsteinbettung von Anwendungen mit Bindungs- und Routinganforderungen in Mehrprozessorsystemen},
type = {Bachelorarbeit},
SCHOOL = {Department of Computer Science 12, University of Erlangen-Nuremberg},
MONTH = feb,
YEAR = 2014 }

@MISC{x10,
title = {{X10} {Programmiersprache}},
year = {2014},
howpublished={\url{http://x10-lang.org/}}
}

@MISC{x10Spezi,
author = {Vijay Saraswat and Bard Bloom and Igor Peshansky and Olivier Tardieu and David Grove},
title = {X10 Language Specification},
year = {2012},
howpublished={\url{http://x10.sourceforge.net/documentation/languagespec/x10-230.pdf}}
}

@MISC{invadeSim,
title = {{invadeSim} {Programmiersprache}},
year = {2012},

howpublished={\url{http://invasic.informatik.uni-erlangen.de/en/tp_c2.php#invadeSIM}
}}

@MISC{invasiveComputing,
title = {{InvasIC}},
year = {2015},

howpublished={\url{hhttp://invasic.informatik.uni-erlangen.de/en/index.php}
}}
@conference{cf:MPSoCs,
AUTHOR = {S. Roloff and F. Hannig and J. Teich},
TITLE = {Approximate time functional simulation
of resource-aware programming concepts for heterogeneous MPSoCs},
BOOKTITLE = {Design Automation Conference (ASP-DAC)},
organization = {17th Asia and South Pacific},
ADDRESS = {New York, NY, USA},
PAGES = {187 -- 192},
MONTH = Jan,
YEAR = 2012 }

@incollection{roloff,
AUTHOR = {S. Roloff and F. Hannig and J. Teich},
TITLE = {Approximate time functional simulation
of resource-aware programming concepts for heterogeneous MPSoCs},
BOOKTITLE = {Design Automation Conference (ASP-DAC)},
PUBLISHER = {Kluwer Academic Publishers},
ADDRESS = { 17th Asia and South Pacific},
PAGES = {187 -- 192},
MONTH = jan,
YEAR = 2012 }


@incollection{Mehrprozessorsysteme,
AUTHOR = {Hans Robert Hansen and Gustav Neumann},
TITLE = {Wirtschaftsinformatik 1},
BOOKTITLE = {Grundlagen und Anwendungen},
PUBLISHER = {UTB GmbH},
YEAR = 2011}

@incollection{Symmetrie,
AUTHOR = {Oscar Morena and John Ramirez and Dorothy Bollman and Edusmildo Orozco},
TITLE = {Faster backtracking algorithms for the generation of symmetry-invariant permutations},
PUBLISHER = {Journal of Applied Mathematics 2.6},
PAGES = {277--287},
YEAR = 2002 }

@incollection{routingXY,
AUTHOR = {Shubhangai D Chawade and Mahendra A Gaikwad and Rajendra M Patrika},
BOOKTITLE = {Review of XY Routing Algorithm for Network-on-Chip Architecture},
ADDRESS = {Sewagram, Indien},
YEAR = 2012 }

@incollection{NOC,
AUTHOR = {Thomas Frank},
TITLE = {Network on Chip},
BOOKTITLE = {Architekturen, Herausforderungen, Lösungen},
ADDRESS = {Dresden},
YEAR = 2011}

@incollection{NPComplete,
AUTHOR = {Manuel Bodirsky and Hubie Chen},
BOOKTITLE = {Quantified Equality Constraints},
ADDRESS = {Paris-Palaiseau, Frankreich and Barcelona, Spanien},
YEAR = 2010 }



@INBOOK{handbuchkuenstlicheIntelligenz,
   TITLE="Handbuch der Künstlichen Intelligenz",
   CHAPTER="Constraints",
   AUTHOR="G. Görz and C.-R. Rollinger and J.Schneeberger",
   PAGES="267--285",
   YEAR=2000,
   PUBLISHER="Oldenbourg Verlag",
   ADDRESS="München",
   EDITION="3."
}

@INBOOK{pgas,
   TITLE="Encyclopedia of Parallel Computing",
   CHAPTER="PGAS (Partitioned Global Address Space) Languages",
   AUTHOR="George Almasi",
   PAGES="1539--1545",
   YEAR=2011,
   PUBLISHER="Springer US"
}


George Almasi: PGAS (Partitioned Global Address Space) Languages. In: Encyclopedia of Parallel Computing. Springer US, 2011, S. 1539–1545,

@incollection{tgff,
   TITLE="Tgff",
   BOOKTITLE="task graphs for free. In Hardware/Software Codesign",
   AUTHOR="R.P. Dick and D.L. Rhodes and W. Wolf",
   PAGES="97--101",
   YEAR=1998,
   PUBLISHER="CODES/CASHE ’98",
 
}


@INBOOK{artificialIntelligence,
   TITLE="Artificial Intelligence: A Modern Approach",
   CHAPTER="Constraint Statisfaction Problems",
   AUTHOR="Stuart Russel and Peter Norvig",
   YEAR=2009,
   PUBLISHER="Prentice Hall",
   ADDRESS="Boston",
   EDITION="3."
}

@incollection{proceedingsOfDAC,
AUTHOR = {Shekhar Borkar},
TITLE = {Thousand core chips: a technology perspective},
BOOKTITLE = {Proceedings of DAC},
PUBLISHER = {ACM},
PAGES = {746--749},
YEAR = 2007 }

@incollection{reconfigurableArchtictures,
AUTHOR = {G. Marianik  and others},
TITLE = {Using multi-objective design space exploration to enable
run-time resource management for reconfigurable architectures},
BOOKTITLE={In Proc. of DATE},
PAGES = {1379--1384},
YEAR = 2012 }

@inproceedings{daarm,
AUTHOR = {Andreas Weichslgartner and Deepak Gangadharan and Stefan Wildermann and Michael Glaß and Jürgen Teich},
TITLE = {DAARM},
BOOKTITLE={Design-time application analysis and run-time mapping for predictable executing in many-core systems},
organization = {In Proceedings of the International Conference on Hardware/Software Codesign and System Synthesis (CODES+ISSS 2014)},
PAGES = {10},
YEAR = 2014 }

@inproceedings{runTimeManagement,
AUTHOR = {C. Silvano and W. Fornaciari and S.C. Reghizzi and G. Agosta and G. Palermo and V. Zaccaria and
P. Bellasi and F. Castro and S. Corbetta and E. Speziale and D. Melpignano and J. M.
Zins and D. Siorpaes and H. Hubert and B. Stabernack and J. Brandenburg and M. Palkovic and
P. Raghavan and C. Ykman-Couvreur and A. Bartzas and D. Soudris and T. Kempf and
G. Ascheid and H. Meyr and J. Ansari and P. Mahonen and B. Vanthournout},
TITLE = {Parallel
paradigms and run-time management techniques for many-core architectures},
BOOKTITLE={The 2PARMA approach},
organization = {Industrial Informatics (INDIN)},
publisher = {9th IEEE International Conference},
PAGES = {835--810},
YEAR = 2011 }



@incollection{mappingNocArchitectures,
AUTHOR = {Andreas Weichslgartner and Stefan Wildermann and Jürgen Teich},
TITLE = {Dynamic
decentralized mapping of tree-structured applications on noc architectures},
BOOKTITLE = {In Proceedings of NOCS},
PUBLISHER = {ACM},
ADDRESS = {New York, NY, USA},
PAGES = {201--208},
YEAR = 2011 }

@incollection{foundationCSP,
AUTHOR = {Edward Tsang},
TITLE = {Foundations of Constraint Satisfaction},
PUBLISHER = {Academic Press},
ADDRESS = {London and San Diego},
YEAR = 1993 }

@incollection{tutorialCSP,
AUTHOR = {Barbara M. Smith},
TITLE = {A tutorial on constraint programming},
BOOKTITLE = {Technical report},
PUBLISHER = {Academic Press},
ADDRESS = {University of Leeds},
YEAR = 1995 }
@incollection{cspsolvingRepairMethod,
AUTHOR = {Steven Minton and Mark D. Johnston and Andrew B. Philips and Philip Laird},
TITLE = {Solving large-scale constraint satisfaction and scheduling problems using a
heuristic repair method},
BOOKTITLE = {Proceedings of the eighth National conference on
Articial intelligence},
PUBLISHER = {AAAI Press},
ADDRESS = {University of Leeds},
PAGES = {17--24},
YEAR = 1990 }

@incollection{thh:systemOnChip,
AUTHOR = {Jürgen Teich and Jörg Henkel and Andreas Herkersdorf and Doris Schmitt-Landsiedel,
Wolfgang Schröder-Preikschat and Gregor Snelting},
TITLE = {Invasive computing:
An overview},
BOOKTITLE = {Multiprocessor System-on-Chip  - Hardware Design and Tool Integration},
PUBLISHER = {Springer},
ADDRESS = {Berlin and Heidelberg},
EDITOR = {M. Hübner and J. Becker},
PAGES = {241--268},
YEAR = 2011 }

